@article{kollwew:2024,
	author = {Julia Kollewe},
	date = {2024-02-10},
	title = {‘It’s literally giving somebody money for nothing’: the battle to reform property leaseholds},
	journal = {The Guardian},
	url = {https://www.theguardian.com/money/2024/feb/10/its-literally-giving-somebody-money-for-nothing-the-battle-to-reform-property-leaseholds},
	urldate = {2024-02-10}
}
